@book{kniberg,
  title={Scrum and XP from the Trenches},
  edition={2},
  author={Kniberg, Henrik},
  isbn={9781329224278},
  series={InfoQ enterprise software development series},
  date={2015-05-13},
  publisher={LULU Press},
  url={https://www.infoq.com/minibooks/scrum-xp-from-the-trenches-2},
  urldate={2018-03-18},
}

@online{agile_principles,
  title={Principles Behind the Agile Manifesto},
  author={Beck, Kent
    and Grenning, James
    and Martin, Robert C.
    and Beedle, Mike
    and Highsmith, Jim
    and Mellor, Steve
    and van Bennekum, Arie
    and Hunt, Andrew
    and Schwaber, Ken
    and Cockburn, Alistair
    and Jeffries, Ron
    and Sutherland, Jeff
    and Cunningham, Ward
    and Kern, Jon
    and Thomas, Dave
    and Fowler, Martin
    and Marick, Brian
  },
  date={2001},
  publisher={Agile Alliance},
  url={http://agilemanifesto.org/principles.html},
  urldate={2018-03-21},
}